<?xml version="1.0" encoding="UTF-8"?><collection xmlns="http://www.loc.gov/MARC21/slim"><record><leader>00456nam--2200133-i-4500</leader><controlfield tag="001">000026401</controlfield><controlfield tag="002">20161230</controlfield><controlfield tag="005">20161230201036</controlfield><controlfield tag="008">060222s1000------------r-----000-0-eng-d</controlfield><datafield ind1=" " ind2=" " tag="080"><subfield code="a">531.717(08)</subfield></datafield><datafield ind1=" " ind2=" " tag="245"><subfield code="a">Instructuni pentru verificarea micrometrelor pentru alezaje. ed.oficiala</subfield></datafield><datafield ind1=" " ind2=" " tag="260"><subfield code="a">Bucuresti, Ed.Tehnica, 1976. 14p</subfield></datafield><datafield ind1=" " ind2=" " tag="490"><subfield code="a">Inspectoratul General De Stat Pentru Controlul Calitatii Produselor. Institutul National De Metrologie</subfield></datafield><datafield ind1=" " ind2=" " tag="852"><subfield code="a">43545</subfield></datafield></record></collection>